<record><leader>00000cas a22000007a 4500</leader><controlfield tag="001">16798880</controlfield><controlfield tag="008">871002d19661978ohuwr ne      0    0eng d</controlfield><datafield ind1=" " ind2=" " tag="010"><subfield code="a">sn 87076698 </subfield></datafield><datafield ind1=" " ind2=" " tag="040"><subfield code="a">ONP</subfield><subfield code="b">eng</subfield><subfield code="c">ONP</subfield><subfield code="d">OCLCQ</subfield></datafield><datafield ind1=" " ind2=" " tag="042"><subfield code="a">msc</subfield></datafield><datafield ind1="0" ind2=" " tag="130"><subfield code="a">Sylvania sentinel (Sylvania, Ohio : 1966)</subfield></datafield><datafield ind1="1" ind2="0" tag="245"><subfield code="a">Sylvania sentinel.</subfield></datafield><datafield ind1="3" ind2="0" tag="246"><subfield code="a">Sylvania sentinel-herald</subfield></datafield><datafield ind1=" " ind2=" " tag="260"><subfield code="a">Lucas County, Ohio :</subfield><subfield code="b">Maumee Valley Pub. Co.,</subfield><subfield code="c">1966-1978.</subfield></datafield><datafield ind1=" " ind2=" " tag="310"><subfield code="a">Weekly</subfield></datafield><datafield ind1="0" ind2=" " tag="362"><subfield code="a">Vol. 58, no. 34 (Sept. 8, 1966)-v. 16, no. 27 (July 5, 1978).</subfield></datafield><datafield ind1=" " ind2=" " tag="500"><subfield code="a">Published as: Sylvania sentinel-herald, May 3, 1978-July 5, 1978.</subfield></datafield><datafield ind1=" " ind2=" " tag="752"><subfield code="a">United States</subfield><subfield code="b">Ohio</subfield><subfield code="c">Lucas</subfield><subfield code="d">Sylvania.</subfield></datafield><datafield ind1="0" ind2="0" tag="780"><subfield code="t">Sentinel (Sylvania, Ohio : 1965)</subfield><subfield code="w">(DLC)sn 89075205</subfield></datafield><datafield ind1="0" ind2="0" tag="785"><subfield code="t">Sylvania herald</subfield><subfield code="w">(DLC)sn 87076699</subfield></datafield></record>